<?xml version="1.0" encoding="UTF-8"?><collection xmlns="http://www.loc.gov/MARC21/slim"><record><leader>00603nam--2200193-u-4500</leader><controlfield tag="001">000056800</controlfield><controlfield tag="002">20190918</controlfield><controlfield tag="005">20190918052539</controlfield><controlfield tag="008">190918s1000------------r-----000-0-eng-d</controlfield><datafield ind1=" " ind2=" " tag="040"><subfield code="a">IFIN-HH</subfield></datafield><datafield ind1=" " ind2=" " tag="041"><subfield code="a">eng</subfield></datafield><datafield ind1="1" ind2=" " tag="100"><subfield code="a">Wieland, Stefanie</subfield></datafield><datafield ind1="1" ind2="0" tag="245"><subfield code="a">Cost Action FP 1006. Bringing new functions to wood through surface modification</subfield><subfield code="c">Stefanie Wieland, Thomas Schanabel (eds.)</subfield></datafield><datafield ind1=" " ind2=" " tag="260"><subfield code="a">Salsburg</subfield><subfield code="b">Salzburg University of applied Sciences</subfield><subfield code="c">2012</subfield></datafield><datafield ind1=" " ind2=" " tag="300"><subfield code="a">101 p</subfield></datafield><datafield ind1=" " ind2=" " tag="500"><subfield code="a">Donatie Gheorghe Dinescu</subfield></datafield><datafield ind1="1" ind2=" " tag="700"><subfield code="a">Schanabel, Thomas</subfield></datafield><datafield ind1=" " ind2=" " tag="852"><subfield code="a">82766</subfield><subfield code="c">061.3</subfield></datafield><datafield ind1=" " ind2=" " tag="CAT"><subfield code="a">SYS</subfield><subfield code="c">20190918</subfield><subfield code="h">052539</subfield></datafield></record></collection>